@misc{holmes2023nf,
  title         = {NF is Consistent},
  author        = {M. Randall Holmes},
  year          = {2023},
  eprint        = {1503.01406},
  archiveprefix = {arXiv},
  primaryclass  = {math.LO}
}

@article{quine-nf,
  title   = {New Foundations for Mathematical Logic},
  author  = {W. V. Quine},
  journal = {American Mathematical Monthly},
  year    = {1937},
  volume  = {44},
  pages   = {70-80},
  url     = {https://api.semanticscholar.org/CorpusID:123927264}
}

@misc{leanprover-community-con-nf,
  author    = {Sky Wilshaw and YaÃ«l Dillies and Peter LeFanu Lumsdaine and Patrick Luo and Alexander Darby and Angus Matthews and Callum Hobbis and Randall Holmes},
  title     = {The consistency of New Foundations},
  year      = {2022--2023},
  publisher = {GitHub},
  journal   = {GitHub repository},
  url       = {https://leanprover-community.github.io/con-nf/}
}

@article{specker-choice-nf,
  issn      = {00278424},
  url       = {http://www.jstor.org/stable/88561},
  author    = {Ernst P. Specker},
  journal   = {Proceedings of the National Academy of Sciences of the United States of America},
  number    = {9},
  pages     = {972--975},
  publisher = {National Academy of Sciences},
  title     = {The Axiom of Choice in Quine's New Foundations for Mathematical Logic},
  volume    = {39},
  year      = {1953}
}
